@comment{x-kbibtex-personnameformatting=<%l><, %s><, %f>}

